@book{Fitzgerald2014,
  Author = {Stephen D. Umans},
  Title = {Máquinas Elétricas de Fitzgerald e Kingley},
  Publisher = {Mc Graw Hill},
  Year = {2014},
  ISBN = {8580553733},
  URL = {https://www.amazon.com/}
}

@book{Martin2015,
	Author = {George R.R. Martin},
	Title = {A Guerra dos Tronos. As Crónicas de Gelo e Fogo - Livro 1},
	Publisher = {Leya},
	Year = {2015},
	ISBN = {8544102921},
	URL = {https://www.amazon.com/}
}

@book{Orwell2005,
	Author = {George Orwell},
	Title = {A Revolução dos Bichos},
	Publisher = {Editora Companhia das Letras},
	Year = {2005},
	ISBN = {8535909559},
	URL = {https://www.amazon.com/}
}
